<?xml version="1.0" encoding="UTF-8"?><collection xmlns="http://www.loc.gov/MARC21/slim"><record><leader>00524nam--2200181-i-4500</leader><controlfield tag="001">000025975</controlfield><controlfield tag="002">20161230</controlfield><controlfield tag="005">20170128143204</controlfield><controlfield tag="008">060222s1000------------r-----000-0-eng-d</controlfield><datafield ind1=" " ind2=" " tag="080"><subfield code="a">515.168.3(082.1)</subfield></datafield><datafield ind1=" " ind2=" " tag="100"><subfield code="a">Kamber, Franz W</subfield></datafield><datafield ind1=" " ind2=" " tag="245"><subfield code="a">Foliated bundles characteristic classes</subfield></datafield><datafield ind1=" " ind2=" " tag="260"><subfield code="a">Berlin</subfield><subfield code="b">Springer-Verlag</subfield><subfield code="c">1975</subfield></datafield><datafield ind1=" " ind2=" " tag="300"><subfield code="a">XIV + 208 p</subfield></datafield><datafield ind1=" " ind2=" " tag="490"><subfield code="a">Lecture Notes In Mathematics. Edited By A.Dold And B.Eckmann</subfield></datafield><datafield ind1=" " ind2=" " tag="700"><subfield code="a">Tondeur, Philippe</subfield></datafield><datafield ind1=" " ind2=" " tag="852"><subfield code="a">45403</subfield><subfield code="c">515/516</subfield></datafield><datafield ind1=" " ind2=" " tag="CAT"><subfield code="a">SYS</subfield><subfield code="c">20170128</subfield><subfield code="h">143204</subfield></datafield></record></collection>